

@Comment{gbTeXpublisher: databaseType:biblatex; fecha de creaciÃ³n: 06/05/2024;}